@book{book:tu,
  title     = {An Introduction to Manifolds},
  author    = {Tu, Loring W.},
  year      = {2011},
  publisher = {Springer, New York},
  edition   = {2nd},
  doi       = {10.1007/978-1-4419-7400-6}
}

@book{book:lee,
  title     = {Introduction to Smooth Manifolds},
  author    = {Lee, John M.},
  series    = {Graduate Texts in Mathematics},
  volume    = {218},
  year      = {2013},
  publisher = {Springer, New York},
  doi       = {10.1007/978-1-4419-9982-5}
}

@book{book:abrahammarsdenratiu,
  title     = {Manifolds, tensor analysis, and applications},
  author    = {Abraham, Ralph and Marsden, Jerold E. and Ratiu, Tudor S.},
  year      = {2004},
  publisher = {Springer, New York},
  series    = {Applied mathematical sciences},
  volume    = {75},
  edition   = {2nd},
  doi       = {10.1007/978-1-4612-1029-0}
}

@misc{lectures:merry,
  author = {Merry, Will},
  title  = {Lecture notes on Differential Geometry},
  year   = 2019,
  note   = {Unpublished lecture notes},
  url    = {https://www.merry.io/courses/differential-geometry/}
}

@misc{lectures:hitchin,
  author = {Hitchin, Nigel},
  title  = {Differentiable manifolds},
  year   = {2014},
  note   = {Unpublished lecture notes},
  url    = {https://people.maths.ox.ac.uk/hitchin/files/LectureNotes/Differentiable_manifolds/manifolds2014.pdf}
}

@misc{lectures:teufel,
  author = {Teufel, Stefan},
  title  = {Mathematische Physik: Klassische Mechanik},
  year   = {2013},
  note   = {Unpublished lecture notes},
  url    = {https://www.math.uni-tuebingen.de/de/forschung/maphy/personen/stefanteufel/skripte/skript2013.pdf}
}

@book{book:munkres,
  title={Analysis On Manifolds},
  author={Munkres, J.R.},
  isbn={9780813345482},
  series={Advanced Books Classics},
  year={1997},
  publisher={Avalon Publishing}
}
